<record><leader>00000cas a22000007a 4500</leader><controlfield tag="001">15152177</controlfield><controlfield tag="008">870205d18931898pauwr ne      0    0eng d</controlfield><datafield ind1=" " ind2=" " tag="010"><subfield code="a">sn 87078049 </subfield></datafield><datafield ind1=" " ind2=" " tag="040"><subfield code="a">NPH</subfield><subfield code="b">eng</subfield><subfield code="c">NPH</subfield><subfield code="d">OCLCQ</subfield></datafield><datafield ind1=" " ind2=" " tag="042"><subfield code="a">msc</subfield></datafield><datafield ind1="0" ind2="0" tag="245"><subfield code="a">Ebensburg mountaineer.</subfield></datafield><datafield ind1=" " ind2=" " tag="260"><subfield code="a">Ebensburg, Pa. :</subfield><subfield code="b">W.R. Thompson,</subfield><subfield code="c">1893-1898.</subfield></datafield><datafield ind1=" " ind2=" " tag="300"><subfield code="a">5 v. ;</subfield><subfield code="c">55 cm.</subfield></datafield><datafield ind1=" " ind2=" " tag="310"><subfield code="a">Weekly</subfield></datafield><datafield ind1="0" ind2=" " tag="362"><subfield code="a">Vol. 3, no. 14 (Sept. 20, 1893)-v. 7, no. 38 (Apr. 14, 1898).</subfield></datafield><datafield ind1=" " ind2=" " tag="752"><subfield code="a">United States</subfield><subfield code="b">Pennsylvania</subfield><subfield code="c">Cambria</subfield><subfield code="d">Ebensburg.</subfield></datafield><datafield ind1="0" ind2="0" tag="780"><subfield code="t">Mountaineer (Ebensburg, Pa. : 1891)</subfield><subfield code="w">(DLC)sn 87078048</subfield></datafield><datafield ind1="0" ind2="7" tag="785"><subfield code="t">Cambria herald</subfield><subfield code="w">(DLC)sn 83032038</subfield></datafield><datafield ind1="0" ind2="7" tag="785"><subfield code="t">Mountaineer herald (Ebensburg, Pa. : 1898)</subfield><subfield code="w">(DLC)sn 87078040</subfield></datafield></record>